@misc{stereoscopie,
  author = {Josette CACHELOU},
  title = {STEREOSCOPIE},
  howpublished = {http://www.universalis.fr/encyclopedie/stereoscopie},
  note = {Consult\'e le 9 juin 2016},
  key = {1}
}

@misc{brewster,
  title = {Brewster Stereoscope},
  howpublished = {http://www.virtual-reality-shop.co.uk/brewster-stereoscope/},
  note = {Consult\'e le 11 juin 2016},
  key = {2}
}

@misc{labri,
  title = {Présentation},
  howpublished = {http://www.labri.fr/index.php?n=LaBRI.LaBRI},
  note = {Consult\'e le 7 juillet 2016, mis à jour le 23 mars 2015},
  key = {3}
}

@misc{barcode,
  title = {Movie Barcode Generator},
  howpublished = {http://arcanesanctum.net/movie-barcode-generator/},
  note = {Consult\'e le 9 juin 2016},
  key = {4}
}

@misc{duboisbio,
  title = {The Science of Anaglyph 3D},
  howpublished = {https://adcnj3d.wordpress.com/the-science-of-anaglyph-3d/},
  note = {Consult\'e le 15 juillet 2016},
  key = {5}
}

@misc{dubois,
  title = {Création d'un anaglyphe sans rivalité colorée},
  howpublished = {http://www.david-romeuf.fr/3D/Anaglyphes/TCAnaglypheLSDubois/TransformationCouleursPourAnaglyphe.html},
  note = {Consult\'e le 15 juillet 2016},
  key = {6}
}

@misc{javacv,
  title = {JavaCV},
  howpublished = {https://github.com/bytedeco/javacv},
  note = {Consult\'e le 24 juin 2016},
  key = {7}
}

@misc{xuggler,
  title = {Xuggler},
  howpublished = {http://www.xuggle.com/xuggler/},
  note = {Consult\'e le 17 juin 2016},
  key = {8}
}

@misc{xugglergit,
  title = {Xuggle-Xuggler},
  howpublished = {https://github.com/artclarke/xuggle-xuggler/},
  note = {Consult\'e le 17 juin 2016},
  key = {9}
}

@misc{openimaj,
  title = {OpenIMAJ},
  howpublished = {http://openimaj.org/},
  note = {Consult\'e pour la dernière fois le 20 juillet 2016},
  key = {10}
}

@misc{openimajmvn,
  title = {Group: org.openimaj},
  howpublished = {https://mvnrepository.com/artifact/org.openimaj},
  note = {Consult\'e pour la dernière fois le 20 juillet 2016},
  key = {11}
}